@article{weng2018attention,
  title   = "Attention? Attention!",
  author  = "Weng, Lilian",
  journal = "lilianweng.github.io/lil-log",
  year    = "2018",
  url     = "http://lilianweng.github.io/lil-log/2018/06/24/attention-attention.html"
}
@inproceedings{luong-etal-2015-effective,
    title = "Effective Approaches to Attention-based Neural Machine Translation",
    author = "Luong, Thang  and
      Pham, Hieu  and
      Manning, Christopher D.",
    booktitle = "Proceedings of the 2015 Conference on Empirical Methods in Natural Language Processing",
    month = sep,
    year = "2015",
    address = "Lisbon, Portugal",
    publisher = "Association for Computational Linguistics",
    url = "https://www.aclweb.org/anthology/D15-1166",
    doi = "10.18653/v1/D15-1166",
    pages = "1412--1421",
}
@inproceedings{vaswani2017attention,
  title={Attention is all you need},
  author={Vaswani, Ashish and Shazeer, Noam and Parmar, Niki and Uszkoreit, Jakob and Jones, Llion and Gomez, Aidan N and Kaiser, {\L}ukasz and Polosukhin, Illia},
  booktitle={Advances in neural information processing systems},
  pages={5998--6008},
  year={2017}
}
@inproceedings{cheng-etal-2016-long,
    title = "Long Short-Term Memory-Networks for Machine Reading",
    author = "Cheng, Jianpeng  and
      Dong, Li  and
      Lapata, Mirella",
    booktitle = "Proceedings of the 2016 Conference on Empirical Methods in Natural Language Processing",
    month = nov,
    year = "2016",
    address = "Austin, Texas",
    publisher = "Association for Computational Linguistics",
    url = "https://www.aclweb.org/anthology/D16-1053",
    doi = "10.18653/v1/D16-1053",
    pages = "551--561",
}

@inproceedings{mikolov2013distributed,
  title={Distributed representations of words and phrases and their compositionality},
  author={Mikolov, Tomas and Sutskever, Ilya and Chen, Kai and Corrado, Greg S and Dean, Jeff},
  booktitle={Advances in neural information processing systems},
  pages={3111--3119},
  year={2013}
}
@online{the-bias-variance-tradeoff,
  author = {Daniel Saunders},
  title = {The Bias-Variance Tradeoff},
  year = 2017,
  url = {https://djsaunde.wordpress.com/2017/07/17/the-bias-variance-tradeoff/},
  urldate = {2017-07-17}
}
@article{luo2018-bn-regularization,
  title={Towards understanding regularization in batch normalization},
  author={Luo, Ping and Wang, Xinjiang and Shao, Wenqi and Peng, Zhanglin},
  journal={arXiv preprint arXiv:1809.00846},
  year={2018}
}
